@article{Lim15,
  title={Hodge Laplacians on graphs},
  author={Lim, Lek-Heng},
  journal={Siam Review},
  volume={62},
  number={3},
  pages={685--715},
  year={2020},
  publisher={SIAM}
}

@article{osting2017spectral,
    title={Spectral sparsification of simplicial complexes for clustering and label propagation},
  author={Osting, Braxton and Palande, Sourabh and Wang, Bei},
  journal={Journal of computational geometry},
  volume={11},
  number={1},
  year={2022}
}

@article{guglielmi2023quantifying,
  title = {Quantifying the {{Structural Stability}} of {{Simplicial Homology}}},
  author = {Guglielmi, Nicola and Savostianov, Anton and Tudisco, Francesco},
  year = {2023},
  month = aug,
  journal = {Journal of Scientific Computing},
  volume = {97},
  number = {1},
  pages = {2},
  issn = {1573-7691},
}

@article{benson2016higher,
  title={Higher-order organization of complex networks},
  author={Benson, Austin R and Gleich, David F and Leskovec, Jure},
  journal={Science},
  volume={353},
  number={6295},
  pages={163--166},
  year={2016},
  publisher={American Association for the Advancement of Science}
}


@article{schaub2019random,
  title={Random walks on simplicial complexes and the normalized {H}odge 1-{L}aplacian},
  author={Schaub, Michael T and Benson, Austin R and Horn, Paul and Lippner, Gabor and Jadbabaie, Ali},
  journal={SIAM Review},
  volume={62},
  number={2},
  pages={353--391},
  year={2020},
  publisher={SIAM}
}

@inproceedings{dong2019network,
  title={Network density of states},
  author={Dong, Kun and Benson, Austin R and Bindel, David},
  booktitle={Proceedings of the 25th ACM SIGKDD International Conference on Knowledge Discovery \& Data Mining},
  pages={1152--1161},
  year={2019}
}

@article{banks2023pseudospectral,
  title={Pseudospectral shattering, the sign function, and diagonalization in nearly matrix multiplication time},
  author={Banks, Jess and Garza-Vargas, Jorge and Kulkarni, Archit and Srivastava, Nikhil},
  journal={Foundations of computational mathematics},
  volume={23},
  number={6},
  pages={1959--2047},
  year={2023},
  publisher={Springer}
}


@Comment{jabref-meta: databaseType:bibtex;}
